<?xml version="1.0" encoding="UTF-8"?><record xmlns="http://www.loc.gov/MARC21/slim" xmlns:cinclude="http://apache.org/cocoon/include/1.0" xmlns:zs="http://www.loc.gov/zing/srw/">
  <leader>00500cz  a2200121n  4500</leader>
  <controlfield tag="001">n  83163128 </controlfield>
  <controlfield tag="003">DLC</controlfield>
  <controlfield tag="005">20141208121333.0</controlfield>
  <controlfield tag="008">831122n| azannaab           |n aaa     c</controlfield>
  <datafield tag="010" ind1=" " ind2=" ">
    <subfield code="a">n  83163128 </subfield>
  </datafield>
  <datafield tag="040" ind1=" " ind2=" ">
    <subfield code="a">DGPO</subfield>
    <subfield code="b">eng</subfield>
    <subfield code="e">rda</subfield>
    <subfield code="c">DLC</subfield>
    <subfield code="d">DLC</subfield>
  </datafield>
  <datafield tag="100" ind1="1" ind2=" ">
    <subfield code="a">Ohlander, Coryell A.</subfield>
  </datafield>
  <datafield tag="670" ind1=" " ind2=" ">
    <subfield code="a">His Basic land information storage and retrieval system, 1979:</subfield>
    <subfield code="b">t.p. (Coryell A. Ohlander, Coop. Watershed and River Basin programs, Area Planning and Development, State and Private Forestry, U.S. Forest Service, Denver, Colo.)</subfield>
  </datafield>
</record>